@InProceedings{Ulyanov_2018_CVPR,
  author = {Ulyanov, Dmitry and Vedaldi, Andrea and Lempitsky, Victor},
  title = {Deep Image Prior},
  booktitle = {Proceedings of the IEEE Conference on Computer Vision and Pattern Recognition (CVPR)},
  month = {June},
  year = {2018}
}

@article{li2020learning,
  title={Learning symmetry consistent deep cnns for face completion},
  author={Li, Xiaoming and Hu, Guosheng and Zhu, Jieru and Zuo, Wangmeng and Wang, Meng and Zhang, Lei},
  journal={IEEE Transactions on Image Processing},
  volume={29},
  pages={7641--7655},
  year={2020},
  publisher={IEEE}
}

@inproceedings{li2017generative,
  title={Generative face completion},
  author={Li, Yijun and Liu, Sifei and Yang, Jimei and Yang, Ming-Hsuan},
  booktitle={Proceedings of the IEEE conference on computer vision and pattern recognition},
  pages={3911--3919},
  year={2017}
}

@article{iizuka2017globally,
  title={Globally and locally consistent image completion},
  author={Iizuka, Satoshi and Simo-Serra, Edgar and Ishikawa, Hiroshi},
  journal={ACM Transactions on Graphics (ToG)},
  volume={36},
  number={4},
  pages={1--14},
  year={2017},
  publisher={ACM New York, NY, USA}
}

@inproceedings{yu2019free,
  title={Free-form image inpainting with gated convolution},
  author={Yu, Jiahui and Lin, Zhe and Yang, Jimei and Shen, Xiaohui and Lu, Xin and Huang, Thomas S},
  booktitle={Proceedings of the IEEE/CVF International Conference on Computer Vision},
  pages={4471--4480},
  year={2019}
}

@inproceedings{li2020deepgin,
  title={DeepGIN: Deep generative inpainting network for extreme image inpainting},
  author={Li, Chu-Tak and Siu, Wan-Chi and Liu, Zhi-Song and Wang, Li-Wen and Lun, Daniel Pak-Kong},
  booktitle={European Conference on Computer Vision},
  pages={5--22},
  year={2020},
  organization={Springer}
}

@article{DBLP:journals/corr/abs-1907-06724,
  author    = {Yury Kartynnik and
               Artsiom Ablavatski and
               Ivan Grishchenko and
               Matthias Grundmann},
  title     = {Real-time Facial Surface Geometry from Monocular Video on Mobile GPUs},
  journal   = {CoRR},
  volume    = {abs/1907.06724},
  year      = {2019},
  url       = {http://arxiv.org/abs/1907.06724},
  eprinttype = {arXiv},
  eprint    = {1907.06724},
  timestamp = {Tue, 23 Jul 2019 10:54:22 +0200},
  biburl    = {https://dblp.org/rec/journals/corr/abs-1907-06724.bib},
  bibsource = {dblp computer science bibliography, https://dblp.org}
}

@inproceedings{karras2019style,
  title={A style-based generator architecture for generative adversarial networks},
  author={Karras, Tero and Laine, Samuli and Aila, Timo},
  booktitle={Proceedings of the IEEE/CVF Conference on Computer Vision and Pattern Recognition},
  pages={4401--4410},
  year={2019}
}


@inproceedings{li2016precomputed,
  title={Precomputed real-time texture synthesis with markovian generative adversarial networks},
  author={Li, Chuan and Wand, Michael},
  booktitle={European conference on computer vision},
  pages={702--716},
  year={2016},
  organization={Springer}
}

@article{miyato2018spectral,
  title={Spectral normalization for generative adversarial networks},
  author={Miyato, Takeru and Kataoka, Toshiki and Koyama, Masanori and Yoshida, Yuichi},
  journal={arXiv preprint arXiv:1802.05957},
  year={2018}
}

@article{simonyan2014very,
  title={Very deep convolutional networks for large-scale image recognition},
  author={Simonyan, Karen and Zisserman, Andrew},
  journal={arXiv preprint arXiv:1409.1556},
  year={2014}
}

@article{gatys1508neural,
  title={A neural algorithm of artistic style. arXiv preprint (2015)},
  author={Gatys, LA and Ecker, AS and Bethge, M},
  journal={arXiv preprint arXiv:1508.06576}
}

@article{oord2018representation,
  title={Representation learning with contrastive predictive coding},
  author={Oord, Aaron van den and Li, Yazhe and Vinyals, Oriol},
  journal={arXiv preprint arXiv:1807.03748},
  year={2018}
}

@article{le2020contrastive,
  title={Contrastive representation learning: A framework and review},
  author={Le-Khac, Phuc H and Healy, Graham and Smeaton, Alan F},
  journal={IEEE Access},
  year={2020},
  publisher={IEEE}
}

@inproceedings{karras2020analyzing,
  title={Analyzing and improving the image quality of stylegan},
  author={Karras, Tero and Laine, Samuli and Aittala, Miika and Hellsten, Janne and Lehtinen, Jaakko and Aila, Timo},
  booktitle={Proceedings of the IEEE/CVF Conference on Computer Vision and Pattern Recognition},
  pages={8110--8119},
  year={2020}
}
